<?xml version="1.0" encoding="UTF-8"?>
<Document xmlns="urn:iso:std:iso:20022:tech:xsd:camt.054.001.04" xmlns:xsi="http://www.w3.org/2001/XMLSchema-instance" xsi:schemaLocation="urn:iso:std:iso:20022:tech:xsd:camt.054.001.04 camt.054.001.04.xsd"><BkToCstmrDbtCdtNtfctn><GrpHdr><MsgId>20221014375204950929596</MsgId><CreDtTm>2022-10-14T23:32:17</CreDtTm><MsgPgntn><PgNb>1</PgNb><LastPgInd>true</LastPgInd></MsgPgntn><AddtlInf>SPS/1.7/PROD</AddtlInf></GrpHdr><Ntfctn><Id>20221014375204950929599</Id><CreDtTm>2022-10-14T23:32:17</CreDtTm><FrToDt><FrDtTm>2022-10-14T00:00:00</FrDtTm><ToDtTm>2022-10-14T23:59:59</ToDtTm></FrToDt><RptgSrc><Prtry>OTHR</Prtry></RptgSrc><Acct><Id><IBAN>CH4009000000120011900</IBAN></Id><Ownr><Nm>TAS Assurances SA (TAS Versicherungs AG) (TAS Assicurazioni SA) Vernier</Nm></Ownr></Acct><Ntry><NtryRef>CH8830000001120011900</NtryRef><Amt Ccy="CHF">2790.50</Amt><CdtDbtInd>CRDT</CdtDbtInd><RvslInd>false</RvslInd><Sts>BOOK</Sts><BookgDt><Dt>2022-10-14</Dt></BookgDt><ValDt><Dt>2022-10-14</Dt></ValDt><AcctSvcrRef>287220009C8ST2BU</AcctSvcrRef><BkTxCd><Domn><Cd>PMNT</Cd><Fmly><Cd>RCDT</Cd><SubFmlyCd>VCOM</SubFmlyCd></Fmly></Domn></BkTxCd><Chrgs><TtlChrgsAndTaxAmt Ccy="CHF">11.05</TtlChrgsAndTaxAmt><Rcrd><Amt Ccy="CHF">0.80</Amt><CdtDbtInd>DBIT</CdtDbtInd><ChrgInclInd>false</ChrgInclInd><Tp><Prtry><Id>5</Id></Prtry></Tp></Rcrd><Rcrd><Amt Ccy="CHF">10.25</Amt><CdtDbtInd>DBIT</CdtDbtInd><ChrgInclInd>false</ChrgInclInd><Tp><Prtry><Id>2</Id></Prtry></Tp></Rcrd></Chrgs><NtryDtls><Btch><NbOfTxs>28</NbOfTxs></Btch><TxDtls><Refs><AcctSvcrRef>221001CH09A8401J</AcctSvcrRef><InstrId>20221001000800582816755</InstrId><Prtry><Tp>00</Tp><Ref>20221014375204628113047</Ref></Prtry></Refs><Amt Ccy="CHF">129.00</Amt><CdtDbtInd>CRDT</CdtDbtInd><BkTxCd><Domn><Cd>PMNT</Cd><Fmly><Cd>RCDT</Cd><SubFmlyCd>AUTT</SubFmlyCd></Fmly></Domn></BkTxCd><RltdPties><Dbtr><Nm>Urscheler-Egli Marcel und G.</Nm><PstlAdr><StrtNm>Oberes Eggli</StrtNm><BldgNb>4</BldgNb><PstCd>9053</PstCd><TwnNm>Teufen AR</TwnNm><Ctry>CH</Ctry></PstlAdr></Dbtr><DbtrAcct><Id><IBAN>CH3409000000650524796</IBAN></Id></DbtrAcct><CdtrAcct><Id><IBAN>CH8830000001120011900</IBAN></Id></CdtrAcct></RltdPties><RltdAgts><DbtrAgt><FinInstnId><BICFI>POFICHBEXXX</BICFI><Nm>POSTFINANCE AG</Nm><PstlAdr><AdrLine>MINGERSTRASSE , 20</AdrLine><AdrLine>3030 BERN</AdrLine></PstlAdr></FinInstnId></DbtrAgt></RltdAgts><RmtInf><Strd><CdtrRefInf><Tp><CdOrPrtry><Prtry>QRR</Prtry></CdOrPrtry></Tp><Ref>721068089051020000013400362</Ref></CdtrRefInf><AddtlRmtInf>?REJECT?0</AddtlRmtInf><AddtlRmtInf>?ERROR?000</AddtlRmtInf></Strd></RmtInf><RltdDts><AccptncDtTm>2022-10-14T20:00:00</AccptncDtTm></RltdDts></TxDtls><TxDtls><Refs><AcctSvcrRef>221013CH09BUPRUU</AcctSvcrRef><InstrId>20221013000800783134799</InstrId><Prtry><Tp>00</Tp><Ref>20221014375204628118010</Ref></Prtry></Refs><Amt Ccy="CHF">117.00</Amt><CdtDbtInd>CRDT</CdtDbtInd><BkTxCd><Domn><Cd>PMNT</Cd><Fmly><Cd>RCDT</Cd><SubFmlyCd>AUTT</SubFmlyCd></Fmly></Domn></BkTxCd><RltdPties><Dbtr><Nm>Sanchez Gonzalez Otalora,Luisa</Nm><PstlAdr><StrtNm>Route des Molards</StrtNm><BldgNb>18</BldgNb><PstCd>1281</PstCd><TwnNm>Russin</TwnNm><Ctry>CH</Ctry></PstlAdr></Dbtr><DbtrAcct><Id><IBAN>CH1609000000453513561</IBAN></Id></DbtrAcct><CdtrAcct><Id><IBAN>CH8830000001120011900</IBAN></Id></CdtrAcct></RltdPties><RltdAgts><DbtrAgt><FinInstnId><BICFI>POFICHBEXXX</BICFI><Nm>POSTFINANCE AG</Nm><PstlAdr><AdrLine>MINGERSTRASSE 20</AdrLine><AdrLine>3030 BERN</AdrLine></PstlAdr></FinInstnId></DbtrAgt></RltdAgts><RmtInf><Strd><CdtrRefInf><Tp><CdOrPrtry><Prtry>QRR</Prtry></CdOrPrtry></Tp><Ref>711029433071020500020045801</Ref></CdtrRefInf><AddtlRmtInf>?REJECT?0</AddtlRmtInf><AddtlRmtInf>?ERROR?000</AddtlRmtInf></Strd></RmtInf><RltdDts><AccptncDtTm>2022-10-14T20:00:00</AccptncDtTm></RltdDts></TxDtls><TxDtls><Refs><AcctSvcrRef>221013CH09BYJ70F</AcctSvcrRef><InstrId>20221013000800788948708</InstrId><Prtry><Tp>00</Tp><Ref>20221014375204628196110</Ref></Prtry></Refs><Amt Ccy="CHF">57.00</Amt><CdtDbtInd>CRDT</CdtDbtInd><BkTxCd><Domn><Cd>PMNT</Cd><Fmly><Cd>RCDT</Cd><SubFmlyCd>AUTT</SubFmlyCd></Fmly></Domn></BkTxCd><RltdPties><Dbtr><Nm>Jünger-Salch Elmar und Heidi</Nm><PstlAdr><StrtNm>Buchenweg</StrtNm><BldgNb>9</BldgNb><PstCd>8180</PstCd><TwnNm>Bülach</TwnNm><Ctry>CH</Ctry></PstlAdr></Dbtr><DbtrAcct><Id><IBAN>CH6109000000802123088</IBAN></Id></DbtrAcct><UltmtDbtr><Nm>Elmar Jünger</Nm><PstlAdr><StrtNm>Buchenweg</StrtNm><BldgNb>9</BldgNb><PstCd>8180</PstCd><TwnNm>Bülach</TwnNm><Ctry>CH</Ctry></PstlAdr></UltmtDbtr><CdtrAcct><Id><IBAN>CH8830000001120011900</IBAN></Id></CdtrAcct></RltdPties><RltdAgts><DbtrAgt><FinInstnId><BICFI>POFICHBEXXX</BICFI><Nm>POSTFINANCE AG</Nm><PstlAdr><AdrLine>MINGERSTRASSE 20</AdrLine><AdrLine>3030 BERN</AdrLine></PstlAdr></FinInstnId></DbtrAgt></RltdAgts><RmtInf><Strd><CdtrRefInf><Tp><CdOrPrtry><Prtry>QRR</Prtry></CdOrPrtry></Tp><Ref>710028577581020500029022399</Ref></CdtrRefInf><AddtlRmtInf>?REJECT?0</AddtlRmtInf><AddtlRmtInf>?ERROR?000</AddtlRmtInf></Strd></RmtInf><RltdDts><AccptncDtTm>2022-10-14T20:00:00</AccptncDtTm></RltdDts></TxDtls><TxDtls><Refs><AcctSvcrRef>221014CH09C3I0IT</AcctSvcrRef><InstrId>20221013514303000100027</InstrId><Prtry><Tp>00</Tp><Ref>20221013514303000100027</Ref></Prtry></Refs><Amt Ccy="CHF">57.00</Amt><CdtDbtInd>CRDT</CdtDbtInd><BkTxCd><Domn><Cd>PMNT</Cd><Fmly><Cd>CNTR</Cd><SubFmlyCd>CDPT</SubFmlyCd></Fmly></Domn></BkTxCd><Chrgs><TtlChrgsAndTaxAmt Ccy="CHF">1.60</TtlChrgsAndTaxAmt><Rcrd><Amt Ccy="CHF">1.60</Amt><CdtDbtInd>DBIT</CdtDbtInd><ChrgInclInd>false</ChrgInclInd><Tp><Prtry><Id>2</Id></Prtry></Tp></Rcrd></Chrgs><RltdPties><Dbtr><Nm>Fischer-Baumann Leo und Hanni</Nm><PstlAdr><StrtNm>Landstrasse</StrtNm><BldgNb>60</BldgNb><PstCd>4452</PstCd><TwnNm>Itingen</TwnNm><Ctry>CH</Ctry></PstlAdr></Dbtr><DbtrAcct><Id><IBAN>CH6409000000403350020</IBAN></Id></DbtrAcct><UltmtDbtr><Nm>Hanni Fischer</Nm><PstlAdr><StrtNm>Landstrasse</StrtNm><BldgNb>60</BldgNb><PstCd>4452</PstCd><TwnNm>ITINGEN</TwnNm><Ctry>CH</Ctry></PstlAdr></UltmtDbtr><CdtrAcct><Id><IBAN>CH8830000001120011900</IBAN></Id></CdtrAcct></RltdPties><RltdAgts><DbtrAgt><FinInstnId><BICFI>POFICHBEXXX</BICFI><Nm>POSTFINANCE AG</Nm><PstlAdr><AdrLine>MINGERSTRASSE 20</AdrLine><AdrLine>3030 BERN</AdrLine></PstlAdr></FinInstnId></DbtrAgt></RltdAgts><RmtInf><Strd><CdtrRefInf><Tp><CdOrPrtry><Prtry>QRR</Prtry></CdOrPrtry></Tp><Ref>710111264371020500029086422</Ref></CdtrRefInf><AddtlRmtInf>?REJECT?0</AddtlRmtInf><AddtlRmtInf>?ERROR?000</AddtlRmtInf></Strd></RmtInf><RltdDts><AccptncDtTm>2022-10-13T20:00:00</AccptncDtTm></RltdDts></TxDtls><TxDtls><Refs><AcctSvcrRef>221014CH09C3INIL</AcctSvcrRef><InstrId>20919697150.0001</InstrId><EndToEndId>NOTPROVIDED</EndToEndId><Prtry><Tp>00</Tp><Ref>20221014375204627820509</Ref></Prtry></Refs><Amt Ccy="CHF">117.00</Amt><CdtDbtInd>CRDT</CdtDbtInd><BkTxCd><Domn><Cd>PMNT</Cd><Fmly><Cd>RCDT</Cd><SubFmlyCd>ATXN</SubFmlyCd></Fmly></Domn></BkTxCd><RltdPties><Dbtr><Nm>Herr Jakob Mueller und</Nm><PstlAdr><AdrLine>Frau Adelheid Mueller</AdrLine><AdrLine>Altdorfstrasse 16</AdrLine></PstlAdr></Dbtr><DbtrAcct><Id><IBAN>CH1600774010266123500</IBAN></Id></DbtrAcct><CdtrAcct><Id><IBAN>CH8830000001120011900</IBAN></Id></CdtrAcct></RltdPties><RltdAgts><DbtrAgt><FinInstnId><ClrSysMmbId><MmbId>774</MmbId></ClrSysMmbId><Nm>Graubündner Kantonalbank</Nm><PstlAdr><AdrLine>7001 Chur</AdrLine></PstlAdr></FinInstnId></DbtrAgt></RltdAgts><RmtInf><Strd><CdtrRefInf><Tp><CdOrPrtry><Prtry>QRR</Prtry></CdOrPrtry></Tp><Ref>710012534961020500018168238</Ref></CdtrRefInf><AddtlRmtInf>?REJECT?0</AddtlRmtInf><AddtlRmtInf>?ERROR?000</AddtlRmtInf></Strd></RmtInf><RltdDts><AccptncDtTm>2022-10-14T20:00:00</AccptncDtTm></RltdDts></TxDtls><TxDtls><Refs><AcctSvcrRef>221014CH09C3J7VP</AcctSvcrRef><InstrId>20221013800103000100060</InstrId><Prtry><Tp>00</Tp><Ref>20221013800103000100060</Ref></Prtry></Refs><Amt Ccy="CHF">287.00</Amt><CdtDbtInd>CRDT</CdtDbtInd><BkTxCd><Domn><Cd>PMNT</Cd><Fmly><Cd>CNTR</Cd><SubFmlyCd>CDPT</SubFmlyCd></Fmly></Domn></BkTxCd><Chrgs><TtlChrgsAndTaxAmt Ccy="CHF">2.35</TtlChrgsAndTaxAmt><Rcrd><Amt Ccy="CHF">2.35</Amt><CdtDbtInd>DBIT</CdtDbtInd><ChrgInclInd>false</ChrgInclInd><Tp><Prtry><Id>2</Id></Prtry></Tp></Rcrd></Chrgs><RltdPties><Dbtr><Nm>Kopfmann Raphael</Nm><PstlAdr><StrtNm>Stationsstrasse</StrtNm><BldgNb>18</BldgNb><PstCd>8355</PstCd><TwnNm>Aadorf</TwnNm><Ctry>CH</Ctry></PstlAdr></Dbtr><DbtrAcct><Id><IBAN>CH6109000000258165421</IBAN></Id></DbtrAcct><UltmtDbtr><Nm>Raphael Kopfmann</Nm><PstlAdr><StrtNm>Stationsstrasse</StrtNm><BldgNb>18</BldgNb><PstCd>8355</PstCd><TwnNm>Aadorf</TwnNm><Ctry>CH</Ctry></PstlAdr></UltmtDbtr><CdtrAcct><Id><IBAN>CH8830000001120011900</IBAN></Id></CdtrAcct></RltdPties><RltdAgts><DbtrAgt><FinInstnId><BICFI>POFICHBEXXX</BICFI><Nm>POSTFINANCE AG</Nm><PstlAdr><AdrLine>MINGERSTRASSE 20</AdrLine><AdrLine>3030 BERN</AdrLine></PstlAdr></FinInstnId></DbtrAgt></RltdAgts><RmtInf><Strd><CdtrRefInf><Tp><CdOrPrtry><Prtry>QRR</Prtry></CdOrPrtry></Tp><Ref>710028414791020500016740811</Ref></CdtrRefInf><AddtlRmtInf>?REJECT?0</AddtlRmtInf><AddtlRmtInf>?ERROR?000</AddtlRmtInf></Strd></RmtInf><RltdDts><AccptncDtTm>2022-10-13T20:00:00</AccptncDtTm></RltdDts></TxDtls><TxDtls><Refs><AcctSvcrRef>221014CH09C3KDWU</AcctSvcrRef><InstrId>20221013161604000100060</InstrId><Prtry><Tp>00</Tp><Ref>20221013161604000100060</Ref></Prtry></Refs><Amt Ccy="CHF">117.00</Amt><CdtDbtInd>CRDT</CdtDbtInd><BkTxCd><Domn><Cd>PMNT</Cd><Fmly><Cd>CNTR</Cd><SubFmlyCd>CDPT</SubFmlyCd></Fmly></Domn></BkTxCd><Chrgs><TtlChrgsAndTaxAmt Ccy="CHF">3.15</TtlChrgsAndTaxAmt><Rcrd><Amt Ccy="CHF">0.80</Amt><CdtDbtInd>DBIT</CdtDbtInd><ChrgInclInd>false</ChrgInclInd><Tp><Prtry><Id>5</Id></Prtry></Tp></Rcrd><Rcrd><Amt Ccy="CHF">2.35</Amt><CdtDbtInd>DBIT</CdtDbtInd><ChrgInclInd>false</ChrgInclInd><Tp><Prtry><Id>2</Id></Prtry></Tp></Rcrd></Chrgs><RltdPties><UltmtDbtr><Nm>Matteo Destefani</Nm><PstlAdr><StrtNm>vIA rOIGO</StrtNm><BldgNb>2</BldgNb><PstCd>6965</PstCd><TwnNm>Cadro</TwnNm><Ctry>CH</Ctry></PstlAdr></UltmtDbtr><CdtrAcct><Id><IBAN>CH8830000001120011900</IBAN></Id></CdtrAcct></RltdPties><RltdAgts><DbtrAgt><FinInstnId><BICFI>POFICHBEXXX</BICFI><Nm>POSTFINANCE AG</Nm><PstlAdr><AdrLine>MINGERSTRASSE 20</AdrLine><AdrLine>3030 BERN</AdrLine></PstlAdr></FinInstnId></DbtrAgt></RltdAgts><RmtInf><Strd><CdtrRefInf><Tp><CdOrPrtry><Prtry>QRR</Prtry></CdOrPrtry></Tp><Ref>710111774511020500020559657</Ref></CdtrRefInf><AddtlRmtInf>?REJECT?0</AddtlRmtInf><AddtlRmtInf>?ERROR?000</AddtlRmtInf></Strd></RmtInf><RltdDts><AccptncDtTm>2022-10-13T20:00:00</AccptncDtTm></RltdDts></TxDtls><TxDtls><Refs><AcctSvcrRef>221014CH09C3KH0D</AcctSvcrRef><InstrId>16967336700/4XXX</InstrId><EndToEndId>NOTPROVIDED</EndToEndId><Prtry><Tp>00</Tp><Ref>20221014375204627741771</Ref></Prtry></Refs><Amt Ccy="CHF">57.00</Amt><CdtDbtInd>CRDT</CdtDbtInd><BkTxCd><Domn><Cd>PMNT</Cd><Fmly><Cd>RCDT</Cd><SubFmlyCd>ATXN</SubFmlyCd></Fmly></Domn></BkTxCd><RltdPties><Dbtr><Nm>Edith Katakawa</Nm><PstlAdr><AdrLine>Spittelstrasse 7</AdrLine><AdrLine>8910 Affoltern am Albis</AdrLine></PstlAdr></Dbtr><DbtrAcct><Id><IBAN>CH9680808002265952132</IBAN></Id></DbtrAcct><CdtrAcct><Id><IBAN>CH8830000001120011900</IBAN></Id></CdtrAcct></RltdPties><RltdAgts><DbtrAgt><FinInstnId><ClrSysMmbId><MmbId>80702</MmbId></ClrSysMmbId><Nm>Raiffeisenbank Kelleramt-Albis</Nm><PstlAdr><AdrLine>Zürcherstrasse 1</AdrLine><AdrLine>8917 Oberlunkhofen</AdrLine></PstlAdr></FinInstnId></DbtrAgt></RltdAgts><RmtInf><Strd><CdtrRefInf><Tp><CdOrPrtry><Prtry>QRR</Prtry></CdOrPrtry></Tp><Ref>711049313491020500018627939</Ref></CdtrRefInf><AddtlRmtInf>?REJECT?0</AddtlRmtInf><AddtlRmtInf>?ERROR?000</AddtlRmtInf></Strd></RmtInf><RltdDts><AccptncDtTm>2022-10-14T20:00:00</AccptncDtTm></RltdDts></TxDtls><TxDtls><Refs><AcctSvcrRef>221014CH09C3L7KN</AcctSvcrRef><InstrId>20221013269604000100059</InstrId><Prtry><Tp>00</Tp><Ref>20221013269604000100059</Ref></Prtry></Refs><Amt Ccy="CHF">57.00</Amt><CdtDbtInd>CRDT</CdtDbtInd><BkTxCd><Domn><Cd>PMNT</Cd><Fmly><Cd>CNTR</Cd><SubFmlyCd>CDPT</SubFmlyCd></Fmly></Domn></BkTxCd><Chrgs><TtlChrgsAndTaxAmt Ccy="CHF">1.60</TtlChrgsAndTaxAmt><Rcrd><Amt Ccy="CHF">1.60</Amt><CdtDbtInd>DBIT</CdtDbtInd><ChrgInclInd>false</ChrgInclInd><Tp><Prtry><Id>2</Id></Prtry></Tp></Rcrd></Chrgs><RltdPties><Dbtr><Nm>Przybylowicz Markowiak M. A.</Nm><PstlAdr><StrtNm>Av. du Grand-Champsec</StrtNm><BldgNb>45</BldgNb><PstCd>1950</PstCd><TwnNm>Sion</TwnNm><Ctry>CH</Ctry></PstlAdr></Dbtr><DbtrAcct><Id><IBAN>CH0809000000190412360</IBAN></Id></DbtrAcct><UltmtDbtr><Nm>Malgorzata Przybylowicz Markowiak</Nm><PstlAdr><StrtNm>Av. du Grand-Champsec</StrtNm><BldgNb>45</BldgNb><PstCd>1950</PstCd><TwnNm>Sion</TwnNm><Ctry>CH</Ctry></PstlAdr></UltmtDbtr><CdtrAcct><Id><IBAN>CH8830000001120011900</IBAN></Id></CdtrAcct></RltdPties><RltdAgts><DbtrAgt><FinInstnId><BICFI>POFICHBEXXX</BICFI><Nm>POSTFINANCE AG</Nm><PstlAdr><AdrLine>MINGERSTRASSE 20</AdrLine><AdrLine>3030 BERN</AdrLine></PstlAdr></FinInstnId></DbtrAgt></RltdAgts><RmtInf><Strd><CdtrRefInf><Tp><CdOrPrtry><Prtry>QRR</Prtry></CdOrPrtry></Tp><Ref>710111929921020500015615547</Ref></CdtrRefInf><AddtlRmtInf>?REJECT?0</AddtlRmtInf><AddtlRmtInf>?ERROR?000</AddtlRmtInf></Strd></RmtInf><RltdDts><AccptncDtTm>2022-10-13T20:00:00</AccptncDtTm></RltdDts></TxDtls><TxDtls><Refs><AcctSvcrRef>221014CH09C3LAQ5</AcctSvcrRef><InstrId>20221013618802000100033</InstrId><Prtry><Tp>00</Tp><Ref>20221013618802000100033</Ref></Prtry></Refs><Amt Ccy="CHF">117.00</Amt><CdtDbtInd>CRDT</CdtDbtInd><BkTxCd><Domn><Cd>PMNT</Cd><Fmly><Cd>CNTR</Cd><SubFmlyCd>CDPT</SubFmlyCd></Fmly></Domn></BkTxCd><Chrgs><TtlChrgsAndTaxAmt Ccy="CHF">2.35</TtlChrgsAndTaxAmt><Rcrd><Amt Ccy="CHF">2.35</Amt><CdtDbtInd>DBIT</CdtDbtInd><ChrgInclInd>false</ChrgInclInd><Tp><Prtry><Id>2</Id></Prtry></Tp></Rcrd></Chrgs><RltdPties><UltmtDbtr><Nm>Felix Widmer</Nm><PstlAdr><StrtNm>Moritzenstrasse</StrtNm><BldgNb>7</BldgNb><PstCd>5426</PstCd><TwnNm>Lengnau AG</TwnNm><Ctry>CH</Ctry></PstlAdr></UltmtDbtr><CdtrAcct><Id><IBAN>CH8830000001120011900</IBAN></Id></CdtrAcct></RltdPties><RltdAgts><DbtrAgt><FinInstnId><BICFI>POFICHBEXXX</BICFI><Nm>POSTFINANCE AG</Nm><PstlAdr><AdrLine>MINGERSTRASSE 20</AdrLine><AdrLine>3030 BERN</AdrLine></PstlAdr></FinInstnId></DbtrAgt></RltdAgts><RmtInf><Strd><CdtrRefInf><Tp><CdOrPrtry><Prtry>QRR</Prtry></CdOrPrtry></Tp><Ref>711031464231020500029022621</Ref></CdtrRefInf><AddtlRmtInf>?REJECT?0</AddtlRmtInf><AddtlRmtInf>?ERROR?000</AddtlRmtInf></Strd></RmtInf><RltdDts><AccptncDtTm>2022-10-13T20:00:00</AccptncDtTm></RltdDts></TxDtls><TxDtls><Refs><AcctSvcrRef>221014CH09C3M0EO</AcctSvcrRef><InstrId>DNVT221013C92410</InstrId><EndToEndId>SP-38118637-0</EndToEndId><Prtry><Tp>00</Tp><Ref>20221014375204627847096</Ref></Prtry></Refs><Amt Ccy="CHF">51.75</Amt><CdtDbtInd>CRDT</CdtDbtInd><BkTxCd><Domn><Cd>PMNT</Cd><Fmly><Cd>RCDT</Cd><SubFmlyCd>ATXN</SubFmlyCd></Fmly></Domn></BkTxCd><RltdPties><Dbtr><Nm>Herrn Dr. med. Niels-Peter Augustiny und Frau Katharina Augu</Nm><PstlAdr><StrtNm>Martinsbergstrasse</StrtNm><BldgNb>37</BldgNb><PstCd>5400</PstCd><TwnNm>Baden</TwnNm><Ctry>CH</Ctry></PstlAdr></Dbtr><DbtrAcct><Id><IBAN>CH7904835025806500000</IBAN></Id></DbtrAcct><UltmtDbtr><Nm>Kathrin Augustiny</Nm><PstlAdr><StrtNm>Martinsbergstrasse</StrtNm><BldgNb>37</BldgNb><PstCd>5400</PstCd><TwnNm>Baden</TwnNm><Ctry>CH</Ctry></PstlAdr></UltmtDbtr><CdtrAcct><Id><IBAN>CH8830000001120011900</IBAN></Id></CdtrAcct></RltdPties><RltdAgts><DbtrAgt><FinInstnId><ClrSysMmbId><MmbId>4835</MmbId></ClrSysMmbId><Nm>Credit Suisse (Schweiz) AG</Nm><PstlAdr><AdrLine>Paradeplatz 8</AdrLine><AdrLine>8070 Zürich</AdrLine></PstlAdr></FinInstnId></DbtrAgt></RltdAgts><RmtInf><Strd><CdtrRefInf><Tp><CdOrPrtry><Prtry>QRR</Prtry></CdOrPrtry></Tp><Ref>721017311861020000014733197</Ref></CdtrRefInf><AddtlRmtInf>?REJECT?0</AddtlRmtInf><AddtlRmtInf>?ERROR?000</AddtlRmtInf><AddtlRmtInf>TCS Veloversicherung Pannenhilfe</AddtlRmtInf></Strd></RmtInf><RltdDts><AccptncDtTm>2022-10-14T20:00:00</AccptncDtTm></RltdDts></TxDtls><TxDtls><Refs><AcctSvcrRef>221014CH09C3ME6X</AcctSvcrRef><InstrId>16967408397/6XXX</InstrId><EndToEndId>NOTPROVIDED</EndToEndId><Prtry><Tp>00</Tp><Ref>20221014375204627807124</Ref></Prtry></Refs><Amt Ccy="CHF">129.00</Amt><CdtDbtInd>CRDT</CdtDbtInd><BkTxCd><Domn><Cd>PMNT</Cd><Fmly><Cd>RCDT</Cd><SubFmlyCd>ATXN</SubFmlyCd></Fmly></Domn></BkTxCd><RltdPties><Dbtr><Nm>Camille Dubouloz</Nm><PstlAdr><AdrLine>Rue Emile-Nicolet 1</AdrLine><AdrLine>1205 Geneve</AdrLine></PstlAdr></Dbtr><DbtrAcct><Id><IBAN>CH8580808007810485522</IBAN></Id></DbtrAcct><CdtrAcct><Id><IBAN>CH8830000001120011900</IBAN></Id></CdtrAcct></RltdPties><RltdAgts><DbtrAgt><FinInstnId><ClrSysMmbId><MmbId>80187</MmbId></ClrSysMmbId><Nm>Banque Raiffeisen Genève Rive Gauche</Nm><PstlAdr><AdrLine>Rue du Marché 11</AdrLine><AdrLine>1227 Carouge GE</AdrLine></PstlAdr></FinInstnId></DbtrAgt></RltdAgts><RmtInf><Strd><CdtrRefInf><Tp><CdOrPrtry><Prtry>QRR</Prtry></CdOrPrtry></Tp><Ref>721068105441020000014712530</Ref></CdtrRefInf><AddtlRmtInf>?REJECT?0</AddtlRmtInf><AddtlRmtInf>?ERROR?000</AddtlRmtInf></Strd></RmtInf><RltdDts><AccptncDtTm>2022-10-14T20:00:00</AccptncDtTm></RltdDts></TxDtls><TxDtls><Refs><AcctSvcrRef>221014CH09C3MLLI</AcctSvcrRef><InstrId>16967365487/4XXX</InstrId><EndToEndId>NOTPROVIDED</EndToEndId><Prtry><Tp>00</Tp><Ref>20221014375204627848781</Ref></Prtry></Refs><Amt Ccy="CHF">57.00</Amt><CdtDbtInd>CRDT</CdtDbtInd><BkTxCd><Domn><Cd>PMNT</Cd><Fmly><Cd>RCDT</Cd><SubFmlyCd>ATXN</SubFmlyCd></Fmly></Domn></BkTxCd><RltdPties><Dbtr><Nm>Claudia Crivelli Guidi</Nm><PstlAdr><AdrLine>Via Viriana 1</AdrLine><AdrLine>6854 San Pietro</AdrLine></PstlAdr></Dbtr><DbtrAcct><Id><IBAN>CH6880808004240458543</IBAN></Id></DbtrAcct><UltmtDbtr><Nm>Michele Guidi</Nm><PstlAdr><StrtNm>Via Viriana</StrtNm><BldgNb>1</BldgNb><PstCd>6854</PstCd><TwnNm>S. Pietro</TwnNm><Ctry>CH</Ctry></PstlAdr></UltmtDbtr><CdtrAcct><Id><IBAN>CH8830000001120011900</IBAN></Id></CdtrAcct></RltdPties><RltdAgts><DbtrAgt><FinInstnId><ClrSysMmbId><MmbId>80365</MmbId></ClrSysMmbId><Nm>Banca Raiffeisen della Campagnadorna</Nm><PstlAdr><AdrLine>Via Boff 2</AdrLine><AdrLine>6855 Stabio</AdrLine></PstlAdr></FinInstnId></DbtrAgt></RltdAgts><RmtInf><Strd><CdtrRefInf><Tp><CdOrPrtry><Prtry>QRR</Prtry></CdOrPrtry></Tp><Ref>710109751711020500019198735</Ref></CdtrRefInf><AddtlRmtInf>?REJECT?0</AddtlRmtInf><AddtlRmtInf>?ERROR?000</AddtlRmtInf></Strd></RmtInf><RltdDts><AccptncDtTm>2022-10-14T20:00:00</AccptncDtTm></RltdDts></TxDtls><TxDtls><Refs><AcctSvcrRef>221014CH09C3NCWC</AcctSvcrRef><InstrId>16967442314/6XXX</InstrId><EndToEndId>NOTPROVIDED</EndToEndId><Prtry><Tp>00</Tp><Ref>20221014375204627761791</Ref></Prtry></Refs><Amt Ccy="CHF">57.00</Amt><CdtDbtInd>CRDT</CdtDbtInd><BkTxCd><Domn><Cd>PMNT</Cd><Fmly><Cd>RCDT</Cd><SubFmlyCd>ATXN</SubFmlyCd></Fmly></Domn></BkTxCd><RltdPties><Dbtr><Nm>Jacques et Melanie Vifian</Nm><PstlAdr><AdrLine>Sur l Ergau 182</AdrLine><AdrLine>2946 Miecourt</AdrLine></PstlAdr></Dbtr><DbtrAcct><Id><IBAN>CH2280808009254555144</IBAN></Id></DbtrAcct><UltmtDbtr><Nm>Melanie Vifian</Nm><PstlAdr><StrtNm>Sur l Ergau</StrtNm><BldgNb>182</BldgNb><PstCd>2946</PstCd><TwnNm>Miecourt</TwnNm><Ctry>CH</Ctry></PstlAdr></UltmtDbtr><CdtrAcct><Id><IBAN>CH8830000001120011900</IBAN></Id></CdtrAcct></RltdPties><RltdAgts><DbtrAgt><FinInstnId><ClrSysMmbId><MmbId>80027</MmbId></ClrSysMmbId><Nm>Banque Raiffeisen  Ajoie</Nm><PstlAdr><AdrLine>Rue du Jura 37</AdrLine><AdrLine>2900 Porrentruy</AdrLine></PstlAdr></FinInstnId></DbtrAgt></RltdAgts><RmtInf><Strd><CdtrRefInf><Tp><CdOrPrtry><Prtry>QRR</Prtry></CdOrPrtry></Tp><Ref>711056433721020500017970025</Ref></CdtrRefInf><AddtlRmtInf>?REJECT?0</AddtlRmtInf><AddtlRmtInf>?ERROR?000</AddtlRmtInf></Strd></RmtInf><RltdDts><AccptncDtTm>2022-10-14T20:00:00</AccptncDtTm></RltdDts></TxDtls><TxDtls><Refs><AcctSvcrRef>221014CH09C3NNAM</AcctSvcrRef><InstrId>DNUH220831C99924</InstrId><EndToEndId>SP-64440773-0</EndToEndId><Prtry><Tp>00</Tp><Ref>20221014375204627783574</Ref></Prtry></Refs><Amt Ccy="CHF">117.00</Amt><CdtDbtInd>CRDT</CdtDbtInd><BkTxCd><Domn><Cd>PMNT</Cd><Fmly><Cd>RCDT</Cd><SubFmlyCd>ATXN</SubFmlyCd></Fmly></Domn></BkTxCd><RltdPties><Dbtr><Nm>Edith Fassler</Nm><PstlAdr><StrtNm>Schmittenplatz</StrtNm><BldgNb>2</BldgNb><PstCd>5642</PstCd><TwnNm>Muhlau</TwnNm><Ctry>CH</Ctry></PstlAdr></Dbtr><DbtrAcct><Id><IBAN>CH5404835078088351000</IBAN></Id></DbtrAcct><CdtrAcct><Id><IBAN>CH8830000001120011900</IBAN></Id></CdtrAcct></RltdPties><RltdAgts><DbtrAgt><FinInstnId><ClrSysMmbId><MmbId>4835</MmbId></ClrSysMmbId><Nm>Credit Suisse (Schweiz) AG</Nm><PstlAdr><AdrLine>Paradeplatz 8</AdrLine><AdrLine>8070 Zürich</AdrLine></PstlAdr></FinInstnId></DbtrAgt></RltdAgts><RmtInf><Strd><CdtrRefInf><Tp><CdOrPrtry><Prtry>QRR</Prtry></CdOrPrtry></Tp><Ref>711064437091020500017849190</Ref></CdtrRefInf><AddtlRmtInf>?REJECT?0</AddtlRmtInf><AddtlRmtInf>?ERROR?000</AddtlRmtInf></Strd></RmtInf><RltdDts><AccptncDtTm>2022-10-14T20:00:00</AccptncDtTm></RltdDts></TxDtls><TxDtls><Refs><AcctSvcrRef>221014CH09C3PFNC</AcctSvcrRef><InstrId>1410909484/1XXXX</InstrId><EndToEndId>NOTPROVIDED</EndToEndId><Prtry><Tp>00</Tp><Ref>20221014375204627859767</Ref></Prtry></Refs><Amt Ccy="CHF">117.00</Amt><CdtDbtInd>CRDT</CdtDbtInd><BkTxCd><Domn><Cd>PMNT</Cd><Fmly><Cd>RCDT</Cd><SubFmlyCd>ATXN</SubFmlyCd></Fmly></Domn></BkTxCd><RltdPties><Dbtr><Nm>Thomas Schumacher</Nm><PstlAdr><AdrLine>Buentenmatt 18</AdrLine><AdrLine>6060 Sarnen</AdrLine></PstlAdr></Dbtr><DbtrAcct><Id><IBAN>CH7500778010062859902</IBAN></Id></DbtrAcct><UltmtDbtr><Nm>Thomas Schumacher</Nm><PstlAdr><StrtNm>Buntenmatt</StrtNm><BldgNb>18</BldgNb><PstCd>6060</PstCd><TwnNm>Sarnen</TwnNm><Ctry>CH</Ctry></PstlAdr></UltmtDbtr><CdtrAcct><Id><IBAN>CH8830000001120011900</IBAN></Id></CdtrAcct></RltdPties><RltdAgts><DbtrAgt><FinInstnId><ClrSysMmbId><MmbId>778</MmbId></ClrSysMmbId><Nm>Luzerner Kantonalbank AG</Nm><PstlAdr><AdrLine>Pilatusstrasse 12</AdrLine><AdrLine>6002 Luzern</AdrLine></PstlAdr></FinInstnId></DbtrAgt></RltdAgts><RmtInf><Strd><CdtrRefInf><Tp><CdOrPrtry><Prtry>QRR</Prtry></CdOrPrtry></Tp><Ref>711009936111020500016549163</Ref></CdtrRefInf><AddtlRmtInf>?REJECT?0</AddtlRmtInf><AddtlRmtInf>?ERROR?000</AddtlRmtInf></Strd></RmtInf><RltdDts><AccptncDtTm>2022-10-14T20:00:00</AccptncDtTm></RltdDts></TxDtls><TxDtls><Refs><AcctSvcrRef>221014CH09C3S25K</AcctSvcrRef><InstrId>1284910867/1XXXX</InstrId><EndToEndId>NOTPROVIDED</EndToEndId><Prtry><Tp>00</Tp><Ref>20221014375204628074504</Ref></Prtry></Refs><Amt Ccy="CHF">129.00</Amt><CdtDbtInd>CRDT</CdtDbtInd><BkTxCd><Domn><Cd>PMNT</Cd><Fmly><Cd>RCDT</Cd><SubFmlyCd>ATXN</SubFmlyCd></Fmly></Domn></BkTxCd><RltdPties><Dbtr><Nm>Marcel Urscheler und</Nm><PstlAdr><AdrLine>Gertrud Urscheler-Egli Oberes Eggli</AdrLine><AdrLine>4</AdrLine></PstlAdr></Dbtr><DbtrAcct><Id><IBAN>CH0900781615914092000</IBAN></Id></DbtrAcct><UltmtDbtr><Nm>GERTRUD URSCHELER-EGLI</Nm><PstlAdr><StrtNm>OBERES EGGLI</StrtNm><BldgNb>4</BldgNb><PstCd>9053</PstCd><TwnNm>TEUFEN AR</TwnNm></PstlAdr></UltmtDbtr><CdtrAcct><Id><IBAN>CH8830000001120011900</IBAN></Id></CdtrAcct></RltdPties><RltdAgts><DbtrAgt><FinInstnId><ClrSysMmbId><MmbId>781</MmbId></ClrSysMmbId><Nm>St. Galler Kantonalbank AG</Nm><PstlAdr><AdrLine>9001 St. Gallen</AdrLine></PstlAdr></FinInstnId></DbtrAgt></RltdAgts><RmtInf><Strd><CdtrRefInf><Tp><CdOrPrtry><Prtry>QRR</Prtry></CdOrPrtry></Tp><Ref>721068089031020000013400352</Ref></CdtrRefInf><AddtlRmtInf>?REJECT?0</AddtlRmtInf><AddtlRmtInf>?ERROR?000</AddtlRmtInf></Strd></RmtInf><RltdDts><AccptncDtTm>2022-10-14T20:00:00</AccptncDtTm></RltdDts></TxDtls><TxDtls><Refs><AcctSvcrRef>221014CH09C45R5K</AcctSvcrRef><InstrId>1994001296/1XXXX</InstrId><EndToEndId>NOTPROVIDED</EndToEndId><Prtry><Tp>00</Tp><Ref>20221014375204628310022</Ref></Prtry></Refs><Amt Ccy="CHF">42.75</Amt><CdtDbtInd>CRDT</CdtDbtInd><BkTxCd><Domn><Cd>PMNT</Cd><Fmly><Cd>RCDT</Cd><SubFmlyCd>ATXN</SubFmlyCd></Fmly></Domn></BkTxCd><RltdPties><Dbtr><Nm>Ursula Staffelbach-Zogg</Nm><PstlAdr><AdrLine>Thundorferstrasse 15a</AdrLine><AdrLine>CH-8500 Frauenfeld</AdrLine></PstlAdr></Dbtr><DbtrAcct><Id><IBAN>CH9700784152001513906</IBAN></Id></DbtrAcct><CdtrAcct><Id><IBAN>CH8830000001120011900</IBAN></Id></CdtrAcct></RltdPties><RltdAgts><DbtrAgt><FinInstnId><ClrSysMmbId><MmbId>784</MmbId></ClrSysMmbId><Nm>Thurgauer Kantonalbank</Nm><PstlAdr><AdrLine>8570 Weinfelden</AdrLine></PstlAdr></FinInstnId></DbtrAgt></RltdAgts><RmtInf><Strd><CdtrRefInf><Tp><CdOrPrtry><Prtry>QRR</Prtry></CdOrPrtry></Tp><Ref>721012358291020000013460952</Ref></CdtrRefInf><AddtlRmtInf>?REJECT?0</AddtlRmtInf><AddtlRmtInf>?ERROR?000</AddtlRmtInf></Strd></RmtInf><RltdDts><AccptncDtTm>2022-10-14T20:00:00</AccptncDtTm></RltdDts></TxDtls><TxDtls><Refs><AcctSvcrRef>221014CH09C45WM1</AcctSvcrRef><InstrId>21013495632.0001</InstrId><EndToEndId>NOTPROVIDED</EndToEndId><Prtry><Tp>00</Tp><Ref>20221014375204628312792</Ref></Prtry></Refs><Amt Ccy="CHF">117.00</Amt><CdtDbtInd>CRDT</CdtDbtInd><BkTxCd><Domn><Cd>PMNT</Cd><Fmly><Cd>RCDT</Cd><SubFmlyCd>ATXN</SubFmlyCd></Fmly></Domn></BkTxCd><RltdPties><Dbtr><Nm>Paul Schonbachler</Nm><PstlAdr><AdrLine>Zurichstrasse 67</AdrLine><AdrLine>8840 Einsiedeln</AdrLine></PstlAdr></Dbtr><DbtrAcct><Id><IBAN>CH9000777001808320120</IBAN></Id></DbtrAcct><UltmtDbtr><Nm>PAUL SCHOENBAECHLER</Nm><PstlAdr><StrtNm>ZUERICHSTRASSE</StrtNm><BldgNb>67</BldgNb><PstCd>8840</PstCd><TwnNm>EINSIEDELN</TwnNm><Ctry>CH</Ctry></PstlAdr></UltmtDbtr><CdtrAcct><Id><IBAN>CH8830000001120011900</IBAN></Id></CdtrAcct></RltdPties><RltdAgts><DbtrAgt><FinInstnId><ClrSysMmbId><MmbId>777</MmbId></ClrSysMmbId><Nm>Schwyzer Kantonalbank</Nm><PstlAdr><AdrLine>Bahnhofstrasse 3</AdrLine><AdrLine>6431 Schwyz</AdrLine></PstlAdr></FinInstnId></DbtrAgt></RltdAgts><RmtInf><Strd><CdtrRefInf><Tp><CdOrPrtry><Prtry>QRR</Prtry></CdOrPrtry></Tp><Ref>710025666701020500019302967</Ref></CdtrRefInf><AddtlRmtInf>?REJECT?0</AddtlRmtInf><AddtlRmtInf>?ERROR?000</AddtlRmtInf></Strd></RmtInf><RltdDts><AccptncDtTm>2022-10-14T20:00:00</AccptncDtTm></RltdDts></TxDtls><TxDtls><Refs><AcctSvcrRef>221014CH09C47FDN</AcctSvcrRef><InstrId>885662977/P08/E</InstrId><EndToEndId>NOTPROVIDED</EndToEndId><Prtry><Tp>00</Tp><Ref>20221014375204628326853</Ref></Prtry></Refs><Amt Ccy="CHF">129.00</Amt><CdtDbtInd>CRDT</CdtDbtInd><BkTxCd><Domn><Cd>PMNT</Cd><Fmly><Cd>RCDT</Cd><SubFmlyCd>ATXN</SubFmlyCd></Fmly></Domn></BkTxCd><RltdPties><Dbtr><Nm>Peter Hofmann</Nm><PstlAdr><AdrLine>General Guisan-Strasse 31</AdrLine><AdrLine>CH-5000 Aarau</AdrLine></PstlAdr></Dbtr><DbtrAcct><Id><IBAN>CH9708440689764300021</IBAN></Id></DbtrAcct><UltmtDbtr><Nm>PETER HOFMANN</Nm><PstlAdr><StrtNm>GENERAL-GUISAN-STRASSE</StrtNm><BldgNb>31</BldgNb><PstCd>5000</PstCd><TwnNm>AARAU</TwnNm></PstlAdr></UltmtDbtr><CdtrAcct><Id><IBAN>CH8830000001120011900</IBAN></Id></CdtrAcct></RltdPties><RltdAgts><DbtrAgt><FinInstnId><ClrSysMmbId><MmbId>8440</MmbId></ClrSysMmbId><Nm>Bank Cler AG</Nm><PstlAdr><AdrLine>4002 Basel</AdrLine></PstlAdr></FinInstnId></DbtrAgt></RltdAgts><RmtInf><Strd><CdtrRefInf><Tp><CdOrPrtry><Prtry>QRR</Prtry></CdOrPrtry></Tp><Ref>711064457431020500018535837</Ref></CdtrRefInf><AddtlRmtInf>?REJECT?0</AddtlRmtInf><AddtlRmtInf>?ERROR?000</AddtlRmtInf></Strd></RmtInf><RltdDts><AccptncDtTm>2022-10-14T20:00:00</AccptncDtTm></RltdDts></TxDtls><TxDtls><Refs><AcctSvcrRef>221014CH09C49FF2</AcctSvcrRef><InstrId>20913016450.0001</InstrId><EndToEndId>NOTPROVIDED</EndToEndId><Prtry><Tp>00</Tp><Ref>20221014375204628375071</Ref></Prtry></Refs><Amt Ccy="CHF">129.00</Amt><CdtDbtInd>CRDT</CdtDbtInd><BkTxCd><Domn><Cd>PMNT</Cd><Fmly><Cd>RCDT</Cd><SubFmlyCd>ATXN</SubFmlyCd></Fmly></Domn></BkTxCd><RltdPties><Dbtr><Nm>Schluchter Thierry</Nm><PstlAdr><StrtNm>Rue A.-Gandon</StrtNm><BldgNb>9</BldgNb><PstCd>2950</PstCd><TwnNm>Courgenay</TwnNm><Ctry>CH</Ctry></PstlAdr></Dbtr><DbtrAcct><Id><IBAN>CH2806300016370143508</IBAN></Id></DbtrAcct><CdtrAcct><Id><IBAN>CH8830000001120011900</IBAN></Id></CdtrAcct></RltdPties><RltdAgts><DbtrAgt><FinInstnId><ClrSysMmbId><MmbId>6300</MmbId></ClrSysMmbId><Nm>Valiant Bank AG</Nm><PstlAdr><AdrLine>Bundesplatz 4</AdrLine><AdrLine>3001 Bern</AdrLine></PstlAdr></FinInstnId></DbtrAgt></RltdAgts><RmtInf><Strd><CdtrRefInf><Tp><CdOrPrtry><Prtry>QRR</Prtry></CdOrPrtry></Tp><Ref>710126507791020500017865845</Ref></CdtrRefInf><AddtlRmtInf>?REJECT?0</AddtlRmtInf><AddtlRmtInf>?ERROR?000</AddtlRmtInf><AddtlRmtInf>FA 50001786584</AddtlRmtInf></Strd></RmtInf><RltdDts><AccptncDtTm>2022-10-14T20:00:00</AccptncDtTm></RltdDts></TxDtls><TxDtls><Refs><AcctSvcrRef>221014CH09C4ATZY</AcctSvcrRef><InstrId>2370287TO2550841</InstrId><EndToEndId>NOTPROVIDED</EndToEndId><Prtry><Tp>00</Tp><Ref>20221014375204628368654</Ref></Prtry></Refs><Amt Ccy="CHF">57.00</Amt><CdtDbtInd>CRDT</CdtDbtInd><BkTxCd><Domn><Cd>PMNT</Cd><Fmly><Cd>RCDT</Cd><SubFmlyCd>ATXN</SubFmlyCd></Fmly></Domn></BkTxCd><RltdPties><Dbtr><Nm>VITTORIO VERZURA</Nm><PstlAdr><AdrLine>VIA MASSAGNO 5 B CH 6900 LUGANO</AdrLine></PstlAdr></Dbtr><DbtrAcct><Id><IBAN>CH550024724740597940B</IBAN></Id></DbtrAcct><UltmtDbtr><Nm>VITTORIO VERZURA</Nm><PstlAdr><StrtNm>VIA MASSAGNO</StrtNm><BldgNb>5</BldgNb><PstCd>6900</PstCd><TwnNm>LUGANO</TwnNm><Ctry>CH</Ctry></PstlAdr></UltmtDbtr><CdtrAcct><Id><IBAN>CH8830000001120011900</IBAN></Id></CdtrAcct></RltdPties><RltdAgts><DbtrAgt><FinInstnId><ClrSysMmbId><MmbId>247</MmbId></ClrSysMmbId><Nm>UBS Switzerland AG</Nm><PstlAdr><AdrLine>Piazzetta della Posta</AdrLine><AdrLine>6901 Lugano</AdrLine></PstlAdr></FinInstnId></DbtrAgt></RltdAgts><RmtInf><Strd><CdtrRefInf><Tp><CdOrPrtry><Prtry>QRR</Prtry></CdOrPrtry></Tp><Ref>710021408551020500016644772</Ref></CdtrRefInf><AddtlRmtInf>?REJECT?0</AddtlRmtInf><AddtlRmtInf>?ERROR?000</AddtlRmtInf></Strd></RmtInf><RltdDts><AccptncDtTm>2022-10-14T20:00:00</AccptncDtTm></RltdDts></TxDtls><TxDtls><Refs><AcctSvcrRef>221014CH09C4E12I</AcctSvcrRef><InstrId>5730287TO2583739</InstrId><EndToEndId>NOTPROVIDED</EndToEndId><Prtry><Tp>00</Tp><Ref>20221014375204628387411</Ref></Prtry></Refs><Amt Ccy="CHF">69.00</Amt><CdtDbtInd>CRDT</CdtDbtInd><BkTxCd><Domn><Cd>PMNT</Cd><Fmly><Cd>RCDT</Cd><SubFmlyCd>ATXN</SubFmlyCd></Fmly></Domn></BkTxCd><RltdPties><Dbtr><Nm>LOUIS MICHEL J ANDRE ET/OU</Nm><PstlAdr><AdrLine>MME ALICE C. J POUPPEZ DE KETTENIS</AdrLine><AdrLine>CHEMIN DE LA ROUJARDE 13 CH 1303 PE</AdrLine></PstlAdr></Dbtr><DbtrAcct><Id><IBAN>CH210024324343671440Z</IBAN></Id></DbtrAcct><UltmtDbtr><Nm>LOUIS ANDRE</Nm><PstlAdr><StrtNm>LA ROUJARDE</StrtNm><BldgNb>13</BldgNb><PstCd>1303</PstCd><TwnNm>PENTHAZ</TwnNm><Ctry>CH</Ctry></PstlAdr></UltmtDbtr><CdtrAcct><Id><IBAN>CH8830000001120011900</IBAN></Id></CdtrAcct></RltdPties><RltdAgts><DbtrAgt><FinInstnId><ClrSysMmbId><MmbId>243</MmbId></ClrSysMmbId><Nm>UBS Switzerland AG</Nm><PstlAdr><AdrLine>Place St-François 16</AdrLine><AdrLine>1002 Lausanne</AdrLine></PstlAdr></FinInstnId></DbtrAgt></RltdAgts><RmtInf><Strd><CdtrRefInf><Tp><CdOrPrtry><Prtry>QRR</Prtry></CdOrPrtry></Tp><Ref>711064218851020500015522540</Ref></CdtrRefInf><AddtlRmtInf>?REJECT?0</AddtlRmtInf><AddtlRmtInf>?ERROR?000</AddtlRmtInf></Strd></RmtInf><RltdDts><AccptncDtTm>2022-10-14T20:00:00</AccptncDtTm></RltdDts></TxDtls><TxDtls><Refs><AcctSvcrRef>221014CH09C4E5XO</AcctSvcrRef><InstrId>8330287TL2570411</InstrId><EndToEndId>NOTPROVIDED</EndToEndId><Prtry><Tp>00</Tp><Ref>20221014375204628389817</Ref></Prtry></Refs><Amt Ccy="CHF">69.00</Amt><CdtDbtInd>CRDT</CdtDbtInd><BkTxCd><Domn><Cd>PMNT</Cd><Fmly><Cd>RCDT</Cd><SubFmlyCd>ATXN</SubFmlyCd></Fmly></Domn></BkTxCd><RltdPties><Dbtr><Nm>HANS WERNER GUERTLER</Nm><PstlAdr><AdrLine>GRABENMATTWEG 61 CH 4123 ALLSCHWIL</AdrLine></PstlAdr></Dbtr><DbtrAcct><Id><IBAN>CH240023323363143940D</IBAN></Id></DbtrAcct><UltmtDbtr><Nm>HANS WERNER GURTLER-SCHECK</Nm><PstlAdr><StrtNm>GRABENMATTWEG</StrtNm><BldgNb>61</BldgNb><PstCd>4123</PstCd><TwnNm>ALLSCHWIL</TwnNm><Ctry>CH</Ctry></PstlAdr></UltmtDbtr><CdtrAcct><Id><IBAN>CH8830000001120011900</IBAN></Id></CdtrAcct></RltdPties><RltdAgts><DbtrAgt><FinInstnId><ClrSysMmbId><MmbId>233</MmbId></ClrSysMmbId><Nm>UBS Switzerland AG</Nm><PstlAdr><AdrLine>Aeschenplatz 6</AdrLine><AdrLine>4002 Basel</AdrLine></PstlAdr></FinInstnId></DbtrAgt></RltdAgts><RmtInf><Strd><CdtrRefInf><Tp><CdOrPrtry><Prtry>QRR</Prtry></CdOrPrtry></Tp><Ref>711064447791020500018046360</Ref></CdtrRefInf><AddtlRmtInf>?REJECT?0</AddtlRmtInf><AddtlRmtInf>?ERROR?000</AddtlRmtInf></Strd></RmtInf><RltdDts><AccptncDtTm>2022-10-14T20:00:00</AccptncDtTm></RltdDts></TxDtls><TxDtls><Refs><AcctSvcrRef>221014CH09C4GNHI</AcctSvcrRef><InstrId>8500287TO2564114</InstrId><EndToEndId>NOTPROVIDED</EndToEndId><Prtry><Tp>00</Tp><Ref>20221014375204628404245</Ref></Prtry></Refs><Amt Ccy="CHF">117.00</Amt><CdtDbtInd>CRDT</CdtDbtInd><BkTxCd><Domn><Cd>PMNT</Cd><Fmly><Cd>RCDT</Cd><SubFmlyCd>ATXN</SubFmlyCd></Fmly></Domn></BkTxCd><RltdPties><Dbtr><Nm>JANI MIKAEL RELANDER</Nm><PstlAdr><AdrLine>QUAI GUSTAVE ADOR 14 CH 1207 GENEVE</AdrLine></PstlAdr></Dbtr><DbtrAcct><Id><IBAN>CH190024024031313140H</IBAN></Id></DbtrAcct><UltmtDbtr><Nm>JANI RELANDER</Nm><PstlAdr><StrtNm>QUAI GUSTAVE-ADOR</StrtNm><BldgNb>14</BldgNb><PstCd>1207</PstCd><TwnNm>GENEVE</TwnNm><Ctry>CH</Ctry></PstlAdr></UltmtDbtr><CdtrAcct><Id><IBAN>CH8830000001120011900</IBAN></Id></CdtrAcct></RltdPties><RltdAgts><DbtrAgt><FinInstnId><ClrSysMmbId><MmbId>240</MmbId></ClrSysMmbId><Nm>UBS Switzerland AG</Nm><PstlAdr><AdrLine>Rue du Rhône 8</AdrLine><AdrLine>1211 Genève 2</AdrLine></PstlAdr></FinInstnId></DbtrAgt></RltdAgts><RmtInf><Strd><CdtrRefInf><Tp><CdOrPrtry><Prtry>QRR</Prtry></CdOrPrtry></Tp><Ref>711034030931020500019120373</Ref></CdtrRefInf><AddtlRmtInf>?REJECT?0</AddtlRmtInf><AddtlRmtInf>?ERROR?000</AddtlRmtInf></Strd></RmtInf><RltdDts><AccptncDtTm>2022-10-14T20:00:00</AccptncDtTm></RltdDts></TxDtls><TxDtls><Refs><AcctSvcrRef>221014CH09C4KDF1</AcctSvcrRef><InstrId>1230287TO2578760</InstrId><EndToEndId>NOTPROVIDED</EndToEndId><Prtry><Tp>00</Tp><Ref>20221014375204628473426</Ref></Prtry></Refs><Amt Ccy="CHF">117.00</Amt><CdtDbtInd>CRDT</CdtDbtInd><BkTxCd><Domn><Cd>PMNT</Cd><Fmly><Cd>RCDT</Cd><SubFmlyCd>ATXN</SubFmlyCd></Fmly></Domn></BkTxCd><RltdPties><Dbtr><Nm>SYLVIE AEBY CONVERT ET</Nm><PstlAdr><AdrLine>M LAURENT FRANCIS DIDIER CONVERT IM</AdrLine><AdrLine>PASSE DE SOUVY 19 CH 1617 REMAUFENS</AdrLine></PstlAdr></Dbtr><DbtrAcct><Id><IBAN>CH160024324348164840F</IBAN></Id></DbtrAcct><UltmtDbtr><Nm>LAURENT CONVERT</Nm><PstlAdr><StrtNm>IMPASSE DE SOUVY</StrtNm><BldgNb>19</BldgNb><PstCd>1617</PstCd><TwnNm>REMAUFENS</TwnNm><Ctry>CH</Ctry></PstlAdr></UltmtDbtr><CdtrAcct><Id><IBAN>CH8830000001120011900</IBAN></Id></CdtrAcct></RltdPties><RltdAgts><DbtrAgt><FinInstnId><ClrSysMmbId><MmbId>243</MmbId></ClrSysMmbId><Nm>UBS Switzerland AG</Nm><PstlAdr><AdrLine>Place St-François 16</AdrLine><AdrLine>1002 Lausanne</AdrLine></PstlAdr></FinInstnId></DbtrAgt></RltdAgts><RmtInf><Strd><CdtrRefInf><Tp><CdOrPrtry><Prtry>QRR</Prtry></CdOrPrtry></Tp><Ref>710113598151020500014607686</Ref></CdtrRefInf><AddtlRmtInf>?REJECT?0</AddtlRmtInf><AddtlRmtInf>?ERROR?000</AddtlRmtInf></Strd></RmtInf><RltdDts><AccptncDtTm>2022-10-14T20:00:00</AccptncDtTm></RltdDts></TxDtls><TxDtls><Refs><AcctSvcrRef>221014CH09C4XTBW</AcctSvcrRef><InstrId>DZ41785S20971101</InstrId><EndToEndId>NOTPROVIDED</EndToEndId><Prtry><Tp>00</Tp><Ref>20221014375204628502341</Ref></Prtry></Refs><Amt Ccy="CHF">57.00</Amt><CdtDbtInd>CRDT</CdtDbtInd><BkTxCd><Domn><Cd>PMNT</Cd><Fmly><Cd>RCDT</Cd><SubFmlyCd>ATXN</SubFmlyCd></Fmly></Domn></BkTxCd><RltdPties><Dbtr><Nm>GILBERT JACQUES VINCENT</Nm><PstlAdr><AdrLine>CHEMIN DE SOUS CHERRE 3 CH 1245 COL</AdrLine><AdrLine>LONGE BELLERIVE</AdrLine></PstlAdr></Dbtr><DbtrAcct><Id><IBAN>CH780024024047740929R</IBAN></Id></DbtrAcct><UltmtDbtr><Nm>GILBERT VINCENT</Nm><PstlAdr><StrtNm>CHEMIN DE SOUS-CHERRE</StrtNm><BldgNb>3</BldgNb><PstCd>1245</PstCd><TwnNm>COLLONGE-BELLERIVE</TwnNm><Ctry>CH</Ctry></PstlAdr></UltmtDbtr><CdtrAcct><Id><IBAN>CH8830000001120011900</IBAN></Id></CdtrAcct></RltdPties><RltdAgts><DbtrAgt><FinInstnId><ClrSysMmbId><MmbId>240</MmbId></ClrSysMmbId><Nm>UBS Switzerland AG</Nm><PstlAdr><AdrLine>Rue du Rhône 8</AdrLine><AdrLine>1211 Genève 2</AdrLine></PstlAdr></FinInstnId></DbtrAgt></RltdAgts><RmtInf><Strd><CdtrRefInf><Tp><CdOrPrtry><Prtry>QRR</Prtry></CdOrPrtry></Tp><Ref>710102682021020500021089656</Ref></CdtrRefInf><AddtlRmtInf>?REJECT?0</AddtlRmtInf><AddtlRmtInf>?ERROR?000</AddtlRmtInf></Strd></RmtInf><RltdDts><AccptncDtTm>2022-10-14T20:00:00</AccptncDtTm></RltdDts></TxDtls><TxDtls><Refs><AcctSvcrRef>221014CH09C5SPU0</AcctSvcrRef><InstrId>DNW0221014C34154</InstrId><EndToEndId>SP-78149114-0</EndToEndId><Prtry><Tp>00</Tp><Ref>20221014375204628570296</Ref></Prtry></Refs><Amt Ccy="CHF">117.00</Amt><CdtDbtInd>CRDT</CdtDbtInd><BkTxCd><Domn><Cd>PMNT</Cd><Fmly><Cd>RCDT</Cd><SubFmlyCd>ATXN</SubFmlyCd></Fmly></Domn></BkTxCd><RltdPties><Dbtr><Nm>Marc Baumann</Nm><PstlAdr><StrtNm>rue du Pont-Neuf</StrtNm><BldgNb>2</BldgNb><PstCd>1110</PstCd><TwnNm>Morges</TwnNm><Ctry>CH</Ctry></PstlAdr></Dbtr><DbtrAcct><Id><IBAN>CH5204835068294301000</IBAN></Id></DbtrAcct><CdtrAcct><Id><IBAN>CH8830000001120011900</IBAN></Id></CdtrAcct></RltdPties><RltdAgts><DbtrAgt><FinInstnId><ClrSysMmbId><MmbId>4835</MmbId></ClrSysMmbId><Nm>Credit Suisse (Schweiz) AG</Nm><PstlAdr><AdrLine>Paradeplatz 8</AdrLine><AdrLine>8070 Zürich</AdrLine></PstlAdr></FinInstnId></DbtrAgt></RltdAgts><RmtInf><Strd><CdtrRefInf><Tp><CdOrPrtry><Prtry>QRR</Prtry></CdOrPrtry></Tp><Ref>710025722401020500019268798</Ref></CdtrRefInf><AddtlRmtInf>?REJECT?0</AddtlRmtInf><AddtlRmtInf>?ERROR?000</AddtlRmtInf></Strd></RmtInf><RltdDts><AccptncDtTm>2022-10-14T20:00:00</AccptncDtTm></RltdDts></TxDtls></NtryDtls><AddtlNtryInf>CRÉDIT GROUPÉ POUR COMPTE: CH8830000001120011900 TRAITEMENT DU 14.10.2022  PAQUET ID: 221014CH0000035J</AddtlNtryInf></Ntry></Ntfctn></BkToCstmrDbtCdtNtfctn></Document>
